% ===========================================================
% proposal Refrence
% ===========================================================

@article{broker,
	title={Constructing supersingular elliptic curves},
	author={Br{\"o}ker, Reinier},
	journal={J. Comb. Number Theory},
	volume={1},
	number={3},
	pages={269--273},
	year={2009},
	publisher={Citeseer}
}

@inproceedings{efficient,
	title={Efficient algorithms for supersingular isogeny Diffie-Hellman},
	author={Costello, Craig and Longa, Patrick and Naehrig, Michael},
	booktitle={Annual International Cryptology Conference},
	pages={572--601},
	year={2016},
	organization={Springer}
}

@article{jalali2017efficient,
	title={Efficient Implementation of Supersingular Isogeny-Based Diffie-Hellman Key Exchange on ARM},
	author={Jalali, Amir and Azarderakhsh, Reza and Mozaffari Kermani, Mehran},
	year={2017}
}

@inproceedings{base,
	title={A post-quantum digital signature scheme based on supersingular isogenies},
	author={Yoo, Youngho and Azarderakhsh, Reza and Jalali, Amir and Jao, David and Soukharev, Vladimir},
	booktitle={International Conference on Financial Cryptography and Data Security},
	pages={163--181},
	year={2017},
	organization={Springer}
}

@inproceedings{undeniable_chaum,
	title={Undeniable signatures},
	author={Chaum, David and Van Antwerpen, Hans},
	booktitle={Conference on the Theory and Application of Cryptology},
	pages={212--216},
	year={1989},
	organization={Springer}
}

@inproceedings{convertibleÙ€undeniable,
	title={New convertible undeniable signature schemes},
	author={Damg{\aa}rd, Ivan and Pedersen, Torben},
	booktitle={International Conference on the Theory and Applications of Cryptographic Techniques},
	pages={372--386},
	year={1996},
	organization={Springer}
}

@inproceedings{undeniable_classic,
	title={Universally composable undeniable signature},
	author={Kurosawa, Kaoru and Furukawa, Jun},
	booktitle={International Colloquium on Automata, Languages, and Programming},
	pages={524--535},
	year={2008},
	organization={Springer}
}

@inproceedings{undeniable,
	title={Isogeny-based quantum-resistant undeniable signatures},
	author={Jao, David and Soukharev, Vladimir},
	booktitle={International Workshop on Post-Quantum Cryptography},
	pages={160--179},
	year={2014},
	organization={Springer}
}

@article{blind,
	title={Isogeny-based Quantum-resistant Undeniable Blind Signature Scheme.},
	author={Srinath, M Seshadri and Chandrasekaran, Venkatachalam},
	journal={IACR Cryptology ePrint Archive},
	volume={2016},
	pages={148},
	year={2016}
}

@article{eDS,
	title={The Pohlig--Hellman method generalized for group structure computation},
	author={Teske, Edlyn},
	journal={Journal of Symbolic Computation},
	volume={27},
	number={6},
	pages={521--534},
	year={1999},
	publisher={Elsevier}
}

% ===========================================================
% proposal_end Refrence
% ===========================================================

@inproceedings{jao2011towards,
	title={Towards quantum-resistant cryptosystems from supersingular elliptic curve isogenies},
	author={Jao, David and De Feo, Luca},
	booktitle={International Workshop on Post-Quantum Cryptography},
	pages={19--34},
	year={2011},
	organization={Springer}
}

@article{jao2014towards,
  title={Towards quantum-resistant cryptosystems from supersingular elliptic curve isogenies},
  author={De Feo, Luca and Jao, David and Pl{\^u}t, J{\'e}r{\^o}me},
  journal={Journal of Mathematical Cryptology},
  volume={8},
  number={3},
  pages={209--247},
  year={2014},
  publisher={De Gruyter}
}

@inproceedings{spa,
	title={Differential power analysis},
	author={Kocher, Paul and Jaffe, Joshua and Jun, Benjamin},
	booktitle={Annual International Cryptology Conference},
	pages={388--397},
	year={1999},
	organization={Springer}
}

@inproceedings{unruh,
	title={Non-interactive zero-knowledge proofs in the quantum random oracle model},
	author={Unruh, Dominique},
	booktitle={Annual International Conference on the Theory and Applications of Cryptographic Techniques},
	pages={755--784},
	year={2015},
	organization={Springer}
}


@article{teske,
	title={The Pohlig--Hellman method generalized for group structure computation},
	author={Teske, Edlyn},
	journal={Journal of Symbolic Computation},
	volume={27},
	number={6},
	pages={521--534},
	year={1999},
	publisher={Elsevier}
}

@inproceedings{antipa,
	title={Accelerated verification of ECDSA signatures},
	author={Antipa, Adrian and Brown, Daniel and Gallant, Robert and Lambert, Rob and Struik, Ren{\'e} and Vanstone, Scott},
	booktitle={International Workshop on Selected Areas in Cryptography},
	pages={307--318},
	year={2005},
	organization={Springer}
}

@article{elgamal,
	title={A public key cryptosystem and a signature scheme based on discrete logarithms},
	author={ElGamal, Taher},
	journal={IEEE transactions on information theory},
	volume={31},
	number={4},
	pages={469--472},
	year={1985},
	publisher={IEEE}
}

@article{solinas,
	title={Low-weight binary representations for pairs of integers},
	author={Solinas, Jerome A},
	year={2001},
	publisher={Citeseer}
}

@article{montgomery,
	title={Speeding the Pollard and elliptic curve methods of factorization},
	author={Montgomery, Peter L},
	journal={Mathematics of computation},
	volume={48},
	number={177},
	pages={243--264},
	year={1987}
}

@article{velu,
	title={Isog{\'e}nies entre courbes elliptiques},
	author={V{\'e}lu, Jacques},
	journal={CR Acad. Sci. Paris, S{\'e}ries A},
	volume={273},
	pages={305--347},
	year={1971}
}


% ===========================================================
% Blind Signature Refrence
% ===========================================================

@inproceedings{chaum@blind,
	title={Blind signatures for untraceable payments},
	author={Chaum, David},
	booktitle={Advances in cryptology},
	pages={199--203},
	year={1983},
	organization={Springer}
}

@misc{rivest@rsa,
	title={RSA problem, Encyclopedia of Cryptography and Security},
	author={Rivest, RL and Kaliski, B},
	year={2005},
	publisher={Kluwer Publ. House}
}

@inproceedings{discrete@blind,
	title={Blind signatures based on the discrete logarithm problem},
	author={Camenisch, Jan L and Piveteau, Jean-Marc and Stadler, Markus A},
	booktitle={Workshop on the Theory and Application of of Cryptographic Techniques},
	pages={428--432},
	year={1994},
	organization={Springer}
}

@inproceedings{lattice@blind,
	title={Lattice-based blind signatures},
	author={R{\"u}ckert, Markus},
	booktitle={International Conference on the Theory and Application of Cryptology and Information Security},
	pages={413--430},
	year={2010},
	organization={Springer}
}

@inproceedings{pairing@blind,
	title={ID-based blind signature and ring signature from pairings},
	author={Zhang, Fangguo and Kim, Kwangjo},
	booktitle={International Conference on the Theory and Application of Cryptology and Information Security},
	pages={533--547},
	year={2002},
	organization={Springer}
}

@inproceedings{shamir@quantum,
	title={The fiat--shamir transformation in a quantum world},
	author={Dagdelen, {\"O}zg{\"u}r and Fischlin, Marc and Gagliardoni, Tommaso},
	booktitle={International Conference on the Theory and Application of Cryptology and Information Security},
	pages={62--81},
	year={2013},
	organization={Springer}
}

@inproceedings{fiat@prove,
	title={How to prove yourself: Practical solutions to identification and signature problems},
	author={Fiat, Amos and Shamir, Adi},
	booktitle={Conference on the Theory and Application of Cryptographic Techniques},
	pages={186--194},
	year={1986},
	organization={Springer}
}

@article{untraceable,
	title={An untraceable blind signature scheme},
	author={Hwang, Min-Shiang and Lee, Cheng-Chi and Lai, Yan-Chi},
	journal={IEICE Transactions on Fundamentals of Electronics, Communications and Computer Sciences},
	volume={86},
	number={7},
	pages={1902--1906},
	year={2003},
	publisher={The Institute of Electronics, Information and Communication Engineers}
}

@article{untraceability,
	title={A new blind signature based on the discrete logarithm problem for untraceability},
	author={Lee, Cheng-Chi and Hwang, Min-Shiang and Yang, Wei-Pang},
	journal={Applied Mathematics and Computation},
	volume={164},
	number={3},
	pages={837--841},
	year={2005},
	publisher={Elsevier}
}

@article{e_vote@mobile,
	title={An electronic voting protocol with deniable authentication for mobile ad hoc networks},
	author={Li, Chun-Ta and Hwang, Min-Shiang and Liu, Chi-Yu},
	journal={Computer Communications},
	volume={31},
	number={10},
	pages={2534--2540},
	year={2008},
	publisher={Elsevier}
}

@article{e_vot@net,
	title={Security enhancement for anonymous secure e-voting over a network},
	author={Lin, Iuon-Chang and Hwang, Min-Shiang and Chang, Chin-Chen},
	journal={Computer Standards \& Interfaces},
	volume={25},
	number={2},
	pages={131--139},
	year={2003},
	publisher={Elsevier}
}

@inproceedings{date@blind,
	title={How to date blind signatures},
	author={Abe, Masayuki and Fujisaki, Eiichiro},
	booktitle={International Conference on the Theory and Application of Cryptology and Information Security},
	pages={244--251},
	year={1996},
	organization={Springer}
}

@inproceedings{1st_blind_undeniable_sig,
	title={Blind decoding, blind undeniable signatures, and their applications to privacy protection},
	author={Sakurai, Kouichi and Yamane, Yoshinori},
	booktitle={International Workshop on Information Hiding},
	pages={257--264},
	year={1996},
	organization={Springer}
}

@inproceedings{soukharev,
	title={Post-quantum security models for authenticated encryption},
	author={Soukharev, Vladimir and Jao, David and Seshadri, Srinath},
	booktitle={Post-Quantum Cryptography},
	pages={64--78},
	year={2016},
	organization={Springer}
}

@inproceedings{boneh@secure,
	title={Secure signatures and chosen ciphertext security in a quantum computing world},
	author={Boneh, Dan and Zhandry, Mark},
	booktitle={Annual Cryptology Conference},
	pages={361--379},
	year={2013},
	organization={Springer}
}

@article{goorden@secure,
	title={Quantum-secure authentication of a physical unclonable key},
	author={Goorden, Sebastianus A and Horstmann, Marcel and Mosk, Allard P and {\v{S}}kori{\'c}, Boris and Pinkse, Pepijn WH},
	journal={Optica},
	volume={1},
	number={6},
	pages={421--424},
	year={2014},
	publisher={Optical Society of America}
}


@article{feige1988zero,
	title={Zero-knowledge proofs of identity},
	author={Feige, Uriel and Fiat, Amos and Shamir, Adi},
	journal={Journal of cryptology},
	volume={1},
	number={2},
	pages={77--94},
	year={1988},
	publisher={Springer}
}

@article{goldreich1991proofs,
	title={Proofs that yield nothing but their validity or all languages in NP have zero-knowledge proof systems},
	author={Goldreich, Oded and Micali, Silvio and Wigderson, Avi},
	journal={Journal of the ACM (JACM)},
	volume={38},
	number={3},
	pages={690--728},
	year={1991},
	publisher={ACM}
}

@inproceedings{azarderakhsh_key_compress,
	title={Key compression for isogeny-based cryptosystems},
	author={Azarderakhsh, Reza and Jao, David and Kalach, Kassem and Koziel, Brian and Leonardi, Christopher},
	booktitle={Proceedings of the 3rd ACM International Workshop on ASIA Public-Key Cryptography},
	pages={1--10},
	year={2016},
	organization={ACM}
}

@inproceedings{costello_efficientkey_compress,
	title={Efficient compression of SIDH public keys},
	author={Costello, Craig and Jao, David and Longa, Patrick and Naehrig, Michael and Renes, Joost and Urbanik, David},
	booktitle={Annual International Conference on the Theory and Applications of Cryptographic Techniques},
	pages={679--706},
	year={2017},
	organization={Springer}
}

@article{grover,
	title={A fast quantum mechanical algorithm for database search},
	author={Grover, Lov K},
	journal={arXiv preprint quant-ph/9605043},
	year={1996}
}

@article{montgomery_arithmetic,
	title={Montgomery curves and their arithmetic},
	author={Costello, Craig and Smith, Benjamin},
	journal={Journal of Cryptographic Engineering},
	volume={8},
	number={3},
	pages={227--240},
	year={2018},
	publisher={Springer}
}

@article{montgomery_speeding,
	title={Speeding the Pollard and elliptic curve methods of factorization},
	author={Montgomery, Peter L},
	journal={Mathematics of computation},
	volume={48},
	number={177},
	pages={243--264},
	year={1987}
}






